<?xml version="1.0" encoding="UTF-8"?><collection xmlns="http://www.loc.gov/MARC21/slim"><record><leader>00435nam--2200133-i-4500</leader><controlfield tag="001">000010522</controlfield><controlfield tag="002">20161230</controlfield><controlfield tag="005">20161230201028</controlfield><controlfield tag="008">060222s1000------------r-----000-0-eng-d</controlfield><datafield ind1=" " ind2=" " tag="100"><subfield code="a">Costes, Alain</subfield></datafield><datafield ind1=" " ind2=" " tag="245"><subfield code="a">Contribution a l analyse et a la conception des systemes de stabilisation de satellites par propulsion ionique. these</subfield></datafield><datafield ind1=" " ind2=" " tag="260"><subfield code="a">Toulouse, Universite Paul Sabatier, 1972</subfield></datafield><datafield ind1=" " ind2=" " tag="490"><subfield code="a">140p.+ Fig.+ Tabl</subfield></datafield><datafield ind1=" " ind2=" " tag="852"><subfield code="a">629.19:015:517</subfield></datafield></record></collection>